@misc{lodr_2020,
author = {Donovan, Kevin and Psioda, Matthew and Hudgens, Michael and Loop, Matthew},
year = {2020},
title = {R Package. \textbf{lodr}: Regression with biomarkers subject to limit of detection},
note = {\href{https://cran.r-project.org/web/packages/lodr/index.html}{https://cran.r-project.org/web/packages/lodr/index.html}}
}